<?xml version="1.0" encoding="UTF-8"?><collection xmlns="http://www.loc.gov/MARC21/slim"><record><leader>00404nam--2200145-i-4500</leader><controlfield tag="001">000007947</controlfield><controlfield tag="002">20161230</controlfield><controlfield tag="005">20170211154019</controlfield><controlfield tag="008">060222s1000------------r-----000-0-eng-d</controlfield><datafield ind1=" " ind2=" " tag="100"><subfield code="a">Coussemant, Fernand</subfield></datafield><datafield ind1=" " ind2=" " tag="245"><subfield code="a">Etude de la reaction de prins. Schema reactionnel et mecanisme</subfield><subfield code="b">theses</subfield></datafield><datafield ind1=" " ind2=" " tag="260"><subfield code="a">Paris</subfield><subfield code="b">La Faculte Des Sciences</subfield><subfield code="c">1966</subfield></datafield><datafield ind1=" " ind2=" " tag="300"><subfield code="a">59 p</subfield></datafield><datafield ind1=" " ind2=" " tag="852"><subfield code="a">541</subfield></datafield><datafield ind1=" " ind2=" " tag="CAT"><subfield code="a">SYS</subfield><subfield code="c">20170211</subfield><subfield code="h">154019</subfield></datafield></record></collection>